@Article{failure,
AUTHOR = {Lucas, D. D. and Klein, R. and Tannahill, J. and Ivanova, D. and Brandon, S. and Domyancic, D. and Zhang, Y.},
TITLE = {Failure analysis of parameter-induced simulation crashes in  climate models},
JOURNAL = {Geoscientific Model Development},
VOLUME = {6},
YEAR = {2013},
NUMBER = {4},
PAGES = {1157--1171},
URL = {https://gmd.copernicus.org/articles/6/1157/2013/},
DOI = {10.5194/gmd-6-1157-2013}
}

@misc{mortens,
    author= {{Morten Hjorth-Jensen}},
    year  = {2021},
    title = {FYS-STK4155 - Applied Data Analysis and Machine Learning course notes)},
    note  = {\url{https://compphysics.github.io/MachineLearning/doc/web/course.html}},
}

@article{latin,
	author = {Mu{\~n}oz, Jose J. and Liu, Zhi-zhao and Li, Wei and Yang, Ming},
	da = {2015/07/29},
	date-added = {2021-12-16 19:25:55 +0100},
	date-modified = {2021-12-16 19:25:55 +0100},
	doi = {10.1155/2015/450492},
	isbn = {1024-123X},
	journal = {Mathematical Problems in Engineering},
	pages = {450492},
	publisher = {Hindawi Publishing Corporation},
	title = {Two General Extension Algorithms of Latin Hypercube Sampling},
	ty = {JOUR},
	url = {https://doi.org/10.1155/2015/450492},
	volume = {2015},
	year = {2015},
	Bdsk-Url-1 = {https://doi.org/10.1155/2015/450492}}

@article{pc1,
	author = {{Somia B. Mohammed , Ahmed Khalid, Saife Eldin F. Osman , Rasha Gaffer . M. Helali}},
	year={2016}
	journal = {INTERNATIONAL JOURNAL OF ENGINEERING RESEARCH & TECHNOLOGY (IJERT)},
	title = {Usage of Principal Component Analysis (PCA) in AI Applications},
	doi = {10.17577/IJERTV5IS120291},
	volume = {05},
	url = {https://doi.org/10.1155/2015/450492}}
	

@misc{UCI,
    author= {{UCI Machine Learning Repository}},
    title = {Climate Model Simulation Crashes Data Set},
    note  = {\url{https://archive.ics.uci.edu/ml/datasets/Climate+Model+Simulation+Crashes}, 
             Last accessed on 2021-12-16},
}	

@misc{latinwiki,
    author= {{Wikipedia}},
    title = {Latin hypercube sampling},
    note  = {\url{https://en.wikipedia.org/wiki/Latin_hypercube_sampling}.
             Last accessed on 2021-12-16},
}

@misc{pc,
    author= {{Zakaria Jaadi}},
    year  = {2021},
    title = {A Step-by-Step Explanation of Principal Component Analysis (PCA)},
    note  = {\url{https://builtin.com/data-science/step-step-explanation-principal-component-analysis}.
             Last accessed on 2021-12-16},
}

@article{sk,
 title={Scikit-learn: Machine Learning in {P}ython},
 author={Pedregosa, F. and Varoquaux, G. and Gramfort, A. and Michel, V.
         and Thirion, B. and Grisel, O. and Blondel, M. and Prettenhofer, P.
         and Weiss, R. and Dubourg, V. and Vanderplas, J. and Passos, A. and
         Cournapeau, D. and Brucher, M. and Perrot, M. and Duchesnay, E.},
 journal={Journal of Machine Learning Research},
 volume={12},
 pages={2825--2830},
 year={2011}
}

@misc{tf,
title={ {TensorFlow}: Large-Scale Machine Learning on Heterogeneous Systems},
url={https://www.tensorflow.org/},
note={Software available from tensorflow.org},
author={
    Mart\'{\i}n~Abadi and
    Ashish~Agarwal and
    Paul~Barham and
    Eugene~Brevdo and
    Zhifeng~Chen and
    Craig~Citro and
    Greg~S.~Corrado and
    Andy~Davis and
    Jeffrey~Dean and
    Matthieu~Devin and
    Sanjay~Ghemawat and
    Ian~Goodfellow and
    Andrew~Harp and
    Geoffrey~Irving and
    Michael~Isard and
    Yangqing Jia and
    Rafal~Jozefowicz and
    Lukasz~Kaiser and
    Manjunath~Kudlur and
    Josh~Levenberg and
    Dandelion~Man\'{e} and
    Rajat~Monga and
    Sherry~Moore and
    Derek~Murray and
    Chris~Olah and
    Mike~Schuster and
    Jonathon~Shlens and
    Benoit~Steiner and
    Ilya~Sutskever and
    Kunal~Talwar and
    Paul~Tucker and
    Vincent~Vanhoucke and
    Vijay~Vasudevan and
    Fernanda~Vi\'{e}gas and
    Oriol~Vinyals and
    Pete~Warden and
    Martin~Wattenberg and
    Martin~Wicke and
    Yuan~Yu and
    Xiaoqiang~Zheng},
  year={2015},
}

@misc{pc2,
    author= {{Paola Pozzolo}},
    year  = {2020},
    title = {Analisi delle componenti principali},
    note  = {\url{https://paolapozzolo.it/analisi-delle-componenti-principali-criteri/}. 
             Last accessed on 2021-12-16},
}

@misc{log1,
    author= {{Complete Dissetion by statistics solutions}},
    title = {Logistic Regression},
    note  = {\url{https://www.statisticssolutions.com/free-resources/directory-of-statistical-analyses/logistic-regression/}. 
             Last accessed on 2021-12-16},
}

@misc{log2,
    author= {{Avinash Navlani}},
    year  = {2019},
    title = {Understanding Logistic Regression in Python},
    note  = {\url{http://www.who.int/mediacentre/factsheets/fs282/fr/}. 
             Last accessed on 2021-12-16},
}

@misc{adele,
    author= {{Adele Zaini}},
    year  = {2021},
    title = {Report 2: Feed Forward Neural Network},
    note  = {\url{https://github.com/adelezaini/MachineLearning/blob/master/Projects/Reports/Report2/Report2_Adele_Zaini.pdf}
}

@misc{svm1,
    author= {{Apurv Jain}},
    year  = {2020},
    title = {Support Vector Machine(S.V.M) — Classifiers and Kernels},
    note  = {\url{https://medium.com/@apurvjain37/support-vector-machine-s-v-m-classifiers-and-kernels-9e13176c9396}. 
             Last accessed on 2021-12-16},
}

@misc{svm2,
    author= {{Anis Marshall}},
    title = {Support Vector Machine(S.V.M) — Classifiers and Kernels},
    note  = {\url{https://slideplayer.com/slide/16227619/}. 
             Last accessed on 2021-12-16},
}

@misc{svm3,
    author= {{Vaibhav Paliwal}},
    year  = {2020},
    title = {Comparing Machine Learning Algorithms on a single Dataset(Classification)},
    note  = {\url{ https://medium.com/@vaibhavpaliwal/comparing-machine-learning-algorithms-on-a-single-dataset-classification-46ffc5d3f278}. 
             Last accessed on 2021-12-16},
}

@misc{svm4,
    author= {{William S Noble}},
    year  = {2006},
    title = {What is a support vector machine?},
    note  = {\url{https://www.ifi.uzh.ch/dam/jcr:00000000-7f84-9c3b-ffff-ffffc550ec57/what_is_a_support_vector_machine.pdf}. 
             Last accessed on 2021-12-16},
}

@online{keras, 
  title={Keras}, 
  author={Chollet, Francois and others}, 
  year={2015}, 
  publisher={GitHub}, 
  url={https://github.com/fchollet/keras}, 
}

@misc{classpar,
    author= {{Machine Learning Crash Course}},
    year  = {2020},
    title = {Classification: True vs. False and Positive vs. Negative },
    note  = {\url{https://developers.google.com/machine-learning/crash-course/classification/true-false-positive-negative}. 
             Last accessed on 2021-12-16},
}

@misc{cfm,
    author= {{Jason Brownlee}},
    year  = {2020},
    title = {What is a Confusion Matrix in Machine Learning},
    note  = {\url{https://developers.google.com/machine-learning/crash-course/classification/true-false-positive-negative}. 
             Last accessed on 2021-12-16},
}

@misc{cfm_fig,
    author= {{Joydwip Mohajon}},
    year  = {2020},
    title = {Confusion Matrix for Your Multi-Class Machine Learning Model},
    note  = {\url{https://towardsdatascience.com/confusion-matrix-for-your-multi-class-machine-learning-model-ff9aa3bf7826}. 
             Last accessed on 2021-12-16},
}

@misc{roc_fig,
    author= {{Wikipedia}},
    year  = {2021},
    title = {Receiver operating characteristic},
    note  = {\url{https://en.wikipedia.org/wiki/Receiver_operating_characteristic}. Last accessed on 2021-12-16},
}

@misc{roc,
    author= {{Machine Learning Crash Course}},
    year  = {2021},
    title = {Classification: ROC Curve and AUC},
    note  = {\url{https://developers.google.com/machine-learning/crash-course/classification/roc-and-auc}. Last accessed on 2021-12-16},
}

%@misc{roc2, note  = {\url{http://www.science.smith.edu/~jcrouser/SDS293/labs/lab15-py.html}. Last accessed on 2021-12-16},}

@misc{svm5,
    author= {{Dhiraj K}},
    year  = {2019},
    title = {Top 4 advantages and disadvantages of Support Vector Machine or SVM},
    note  = {\url{https://dhirajkumarblog.medium.com/top-4-advantages-and-disadvantages-of-support-vector-machine-or-svm-a3c06a2b107}. Last accessed on 2021-12-17},
}

 
%%%%%%%%%%%%%%%%%%%%%%%%%%%%%%%%%%%%

https://www.sciencedirect.com/science/article/abs/pii/0169743987800849

https://link.springer.com/book/10.1007/978-0-387-87811-9


